@Misc{journalism2017,
	title={{News Use Across Social Media Platforms 2017}},
	note={Last seen 13/09/2017},
	howpublished={\url{http://www.journalism.org/2017/09/07/news-use-across-social-media-platforms-2017/}}
}

@Misc{filterBubbleDef,
	title={{Filter Bubble}},
	note={Last seen 13/09/2017},
	howpublished={\url{https://www.techopedia.com/definition/28556/filter-bubble}}
}

@Misc{nusSduSearch,
	title={{Personalized Search and its Discontents II}},
	note={Last seen 13/09/2017},
	howpublished={\url{https://blog.nus.edu.sg/is1103grp203/2013/03/31/personalized-search-and-its-discontents-ii/}}
}

@book{pariser2011filter,
  title={{The Filter Bubble: How the New Personalized Web Is Changing What We Read and How We Think}},
  author={Pariser, E.},
  isbn={9781101515129},
  url={https://books.google.dk/books?id=wcalrOI1YbQC},
  year={2011},
  publisher={{Penguin Publishing Group}}
}


@techreport{RestLogin,
  author       = { Kuchartik, C. M and Nielsen, T. P  and Smed, N. M and Jensen, J. S. }, 
  title        = {{Creating a Software Project for the Ages: Putting Giraf to REST}},
  institution  = {Aalborg University},
  year         = {2016},
  month        = {May},
  howpublished = {\url{http://projekter.aau.dk/projekter/da/studentthesis/creating-a-software-project-for-the-ages-putting-giraf-to-rest(f90ab8a6-c4e7-4c82-9103-7f0b6374256a).html}}
}